
    <marc:record>
        <marc:leader>01360cpcaa2200301Ii 4500</marc:leader>
        <marc:controlfield tag="001">002566231</marc:controlfield>
        <marc:controlfield tag="005">20200415112558.0</marc:controlfield>
        <marc:controlfield tag="008">990414i18501850pau                 eng d</marc:controlfield>
        <marc:datafield tag="035" ind1=" " ind2=" ">
            <marc:subfield code="a">41161287</marc:subfield>
        </marc:datafield>
        <marc:datafield tag="040" ind1=" " ind2=" ">
            <marc:subfield code="a">NDD</marc:subfield>
            <marc:subfield code="b">eng</marc:subfield>
            <marc:subfield code="e">rda</marc:subfield>
            <marc:subfield code="e">dacs</marc:subfield>
            <marc:subfield code="c">NDD</marc:subfield>
            <marc:subfield code="d">OCLCG</marc:subfield>
            <marc:subfield code="d">OCLCF</marc:subfield>
            <marc:subfield code="d">NDD</marc:subfield>
        </marc:datafield>
        <marc:datafield tag="041" ind1=" " ind2=" ">
            <marc:subfield code="a">eng</marc:subfield>
        </marc:datafield>
        <marc:datafield tag="049" ind1=" " ind2=" ">
            <marc:subfield code="a">NDDP</marc:subfield>
        </marc:datafield>
        <marc:datafield tag="100" ind1="1" ind2=" ">
            <marc:subfield code="a">Hayes, A. L.</marc:subfield>
            <marc:subfield code="q">(Alexander L.),</marc:subfield>
            <marc:subfield code="d">1793-1875,</marc:subfield>
            <marc:subfield code="0">http://id.loc.gov/authorities/names/n89600055</marc:subfield>
            <marc:subfield code="e">creator.</marc:subfield>
        </marc:datafield>
        <marc:datafield tag="245" ind1="1" ind2="0">
            <marc:subfield code="a">A. L. Hayes letters, 1850.</marc:subfield>
        </marc:datafield>
        <marc:datafield tag="264" ind1=" " ind2="0">
            <marc:subfield code="c">1850.</marc:subfield>
        </marc:datafield>
        <marc:datafield tag="300" ind1=" " ind2=" ">
            <marc:subfield code="a">2 items</marc:subfield>
        </marc:datafield>
        <marc:datafield tag="336" ind1=" " ind2=" ">
            <marc:subfield code="a">text</marc:subfield>
            <marc:subfield code="b">txt</marc:subfield>
            <marc:subfield code="2">rdacontent</marc:subfield>
        </marc:datafield>
        <marc:datafield tag="337" ind1=" " ind2=" ">
            <marc:subfield code="a">unmediated</marc:subfield>
            <marc:subfield code="b">n</marc:subfield>
            <marc:subfield code="2">rdamedia</marc:subfield>
        </marc:datafield>
        <marc:datafield tag="338" ind1=" " ind2=" ">
            <marc:subfield code="a">sheet</marc:subfield>
            <marc:subfield code="b">nb</marc:subfield>
            <marc:subfield code="2">rdacarrier</marc:subfield>
        </marc:datafield>
        <marc:datafield tag="500" ind1=" " ind2=" ">
            <marc:subfield code="a">Cataloged from Guide.</marc:subfield>
        </marc:datafield>
        <marc:datafield tag="545" ind1=" " ind2=" ">
            <marc:subfield code="a">Alexander L. Hayes was an attorney in Lancaster, Lancaster County, Pennsylvania.</marc:subfield>
        </marc:datafield>
        <marc:datafield tag="520" ind1="8" ind2=" ">
            <marc:subfield code="a">Letters to his client about usury, jurors, and Judge Ellis Lewis.</marc:subfield>
        </marc:datafield>
        <marc:datafield tag="600" ind1="1" ind2="0">
            <marc:subfield code="a">Hayes, A. L.</marc:subfield>
            <marc:subfield code="q">(Alexander L.),</marc:subfield>
            <marc:subfield code="d">1793-1875.</marc:subfield>
            <marc:subfield code="0">http://id.loc.gov/authorities/names/n89600055</marc:subfield>
        </marc:datafield>
        <marc:datafield tag="600" ind1="1" ind2="7">
            <marc:subfield code="a">Hayes, A. L.</marc:subfield>
            <marc:subfield code="q">(Alexander L.),</marc:subfield>
            <marc:subfield code="d">1793-1875.</marc:subfield>
            <marc:subfield code="2">fast</marc:subfield>
            <marc:subfield code="0">http://id.worldcat.org/fast/242891</marc:subfield>
        </marc:datafield>
        <marc:datafield tag="600" ind1="1" ind2="0">
            <marc:subfield code="a">Lewis, Ellis.</marc:subfield>
        </marc:datafield>
        <marc:datafield tag="650" ind1=" " ind2="0">
            <marc:subfield code="a">Attorney and client</marc:subfield>
            <marc:subfield code="0">http://id.loc.gov/authorities/subjects/sh85009413</marc:subfield>
            <marc:subfield code="z">Pennsylvania.</marc:subfield>
            <marc:subfield code="0">http://id.loc.gov/authorities/names/n79022911</marc:subfield>
        </marc:datafield>
        <marc:datafield tag="650" ind1=" " ind2="0">
            <marc:subfield code="a">Legal correspondence</marc:subfield>
            <marc:subfield code="0">http://id.loc.gov/authorities/subjects/sh85075737</marc:subfield>
            <marc:subfield code="z">Pennsylvania.</marc:subfield>
            <marc:subfield code="0">http://id.loc.gov/authorities/names/n79022911</marc:subfield>
        </marc:datafield>
        <marc:datafield tag="905" ind1=" " ind2=" ">
            <marc:subfield code="a">MARCIVE 20210802</marc:subfield>
        </marc:datafield>
    </marc:record>